<?xml version="1.0" encoding="UTF-8"?><collection xmlns="http://www.loc.gov/MARC21/slim"><record><leader>00307nam--2200121-i-4500</leader><controlfield tag="001">000045606</controlfield><controlfield tag="002">20161230</controlfield><controlfield tag="005">20161230201045</controlfield><controlfield tag="008">060222s1000------------r-----000-0-eng-d</controlfield><datafield ind1=" " ind2=" " tag="100"><subfield code="a">Turner, J.O</subfield></datafield><datafield ind1=" " ind2=" " tag="245"><subfield code="a">Plastics in nuclear engineering</subfield></datafield><datafield ind1=" " ind2=" " tag="260"><subfield code="a">New York, Reinhold Publ.Corp., 1961, X+139p</subfield></datafield><datafield ind1=" " ind2=" " tag="852"><subfield code="a">17030</subfield></datafield></record></collection>